@ARTICLE{example,
  author = {Andreas Junghanns and Jonathan Schaeffer},
  title = {Sokoban: Enhancing general single-agent search methods using domain      knowledge},
  journal = {Artificial Intelligence},
  year = {2001},
  volume = {129},
  pages = {219-251}
}

@misc{postgresql,
  title = {{PostgreSQL} About},
  howpublished = {\url{https://www.postgresql.org/about}},
  note = {Accessed: 2017-11-10}
}

@online{postgres,
  author = {The PostgreSQL Global Development Group},
  title = {{PostgreSQL} About},
  year = 2017,
  url = {https://www.postgresql.org/about},
  urldate = {2017-11-10}
}

@online{redis,
  author = {Damian Janowski and Michel Martens},
  title = {{Redis} Documentation},
  year = 2017,
  url = {https://redis.io/documentation},
  urldate = {2017-11-10}
}

@online{nginx,
  author = {Igor Sysoev and Nginx, Inc.},
  title = {{nginx} About},
  year = 2017,
  url = {https://nginx.org/en},
  urldate = {2017-11-10}
}

@online{apache,
  author = {The Apache Software Foundation},
  title = {{Apache HTTP Server Project} About},
  year = 2017,
  url = {https://httpd.apache.org/ABOUT_APACHE.html},
  urldate = {2017-11-10}
}

@online{nodejs,
  author = {Node.js Foundation and Joyent},
  title = {{Node.js} About},
  year = 2017,
  url = {https://nodejs.org/en/about},
  urldate = {2017-11-10}
}

@online{rails,
  author = {David Heinemeier Hansson},
  title = {{Ruby on Rails} Doctrine},
  year = 2016,
  url = {http://rubyonrails.org/doctrine},
  urldate = {2017-11-10}
}

@online{sketch,
  author = {Sergio Estrella},
  title = {{Adobe XD vs. Sketch - Which UX Tool is Right for You?}},
  year = 2017,
  url = {https://www.toptal.com/designers/ux/adobe-xd-vs-sketch-which-tool},
  urldate = {2017-12-1}
}

@online{boxsand,
  author = {Dr. Kenneth Walsh},
  title = {{Project BoxSand}},
  year = 2017,
  url = {http://boxsand.physics.oregonstate.edu},
  urldate = {2017-12-1}
}
@online{quadbase,
  author = {OpenStax},
  title = {{exercises}},
  year = 2017,
  url = {https://github.com/openstax/exercises},
  urldate = {2017-12-1}
}
@online{openstax-book,
  author = {OpenStax},
  title = {{textbook}},
  year = 2017,
  url = {https://github.com/philschatz/textbooks},
  urldate = {2017-12-1}
}
@online{rails-mvc,
  author = {Rails},
  title = {{Rails: Getting Started}},
  year = 2017,
  url = {http://guides.rubyonrails.org/getting_started.html},
  urldate = {2017-12-1}
}
@online{rails-version,
  author = {Rails},
  title = {{History}},
  year = 2017,
  url = {http://railsapps.github.io/rails-release-history.html},
  urldate = {2017-12-1}
}

@online{mvc-image,
 author  = {RegisFrey},
 title   = {MVC-Process.svg},
 year    = 2010,
 urldate = {12-01-17},
 url     = {https://commons.wikimedia.org/wiki/File:MVC-Process.svg},
 }